<record><leader>00000cas a22000007a 4500</leader><controlfield tag="001">22877173</controlfield><controlfield tag="008">901219d19551955couwr ne      0    0eng d</controlfield><datafield ind1=" " ind2=" " tag="010"><subfield code="a">sn 90099971 </subfield></datafield><datafield ind1=" " ind2=" " tag="040"><subfield code="a">CNQ</subfield><subfield code="b">eng</subfield><subfield code="c">CNQ</subfield><subfield code="d">DLC</subfield><subfield code="d">CNQ</subfield><subfield code="d">OCLCQ</subfield></datafield><datafield ind1=" " ind2=" " tag="042"><subfield code="a">msc</subfield></datafield><datafield ind1="0" ind2="0" tag="245"><subfield code="a">Colorado farm news.</subfield></datafield><datafield ind1=" " ind2=" " tag="260"><subfield code="a">Colorado Springs, Colo. :</subfield><subfield code="b">Edwin P. Hoyt and Olga G. Hoyt</subfield></datafield><datafield ind1=" " ind2=" " tag="300"><subfield code="a">v.</subfield></datafield><datafield ind1=" " ind2=" " tag="310"><subfield code="a">Weekly</subfield></datafield><datafield ind1="0" ind2=" " tag="362"><subfield code="a">Vol. 65, no. 56 (June 16, 1955)-</subfield></datafield><datafield ind1="1" ind2=" " tag="362"><subfield code="a">Ceased in 1955.</subfield></datafield><datafield ind1=" " ind2=" " tag="752"><subfield code="a">United States</subfield><subfield code="b">Colorado</subfield><subfield code="c">El Paso</subfield><subfield code="d">Colorado Springs.</subfield></datafield><datafield ind1="0" ind2="0" tag="780"><subfield code="t">Colorado Springs news (Colorado Springs, Colo. : 1937)</subfield><subfield code="w">(DLC)sn 90051881</subfield></datafield><datafield ind1="0" ind2="0" tag="785"><subfield code="t">Week end</subfield><subfield code="w">(DLC)sn 90099982</subfield></datafield></record>